@book{ williams1985,
    author = {Bernard Williams},
    title = {Ethics and the {L}imits of {P}hilosophy},
    publisher = {Harvard University Press},
    year = 1985,
    address = {Cambridge, MA}
}

@book{ macintyre2007,
    author = {Alasdair MacIntyre},
    title = {After {V}irtue},
    publisher = {Universty of Notre Dame Press},
    year = 2007,
    address = {Notre Dame, IN}
}

@incollection{ polansky2014a,
    author = {Ronald Polansky},
    title = {Introduction: {E}thics as {P}ractical {S}cience},
    pages = {1--13},
    crossref = {polansky2014}
}

@book{ polansky2014,
    editor = {Ronald Polansky},
    title = {The {C}ambridge {C}ompanion to {A}ristotle's \NE},
    publisher = {Cambridge University Press},
    year = 2014,
    address = {Cambridge}
}
