@book{ groundwork-wood-2018,
	author = {Immanuel Kant},
	title = {Groundwork for the Metaphysics of Morals},
	shorttitle = {Groundwork},
	publisher = {Yale University Press},
	year = {2018},
	address = {New Haven, CT},
	keywords = {primary,translation,wood},
}
