@book{ shields2012,
	author = {Christopher Shields},
	title = {Ancient {P}hilosophy: {A} {C}ontemporary {I}ntroduction},
	publisher = {Routledge},
	year = 2012,
	edition = {Second},
	address = {New York, NY}
}
