@book{ annasbarnes1994,
	author = {Sextus Empiricus},
	translator = {Julia Annas and Jonathan Barnes},
	editor = {Julia Annas and Jonathan Barnes},
	title = {Outlines of {S}cepticism},
	publisher = {Cambridge University Press},
	year = {1994},
	location = {Cambridge},
	keywords = {primary}
}

@book{ pellegrin1997,
	author = {Sextus Empiricus},
	editor = {Pierre Pellegrin},
	translator = {Pierre Pellegrin},
	title = {Esquisses pyrrhoniennes},
	publisher = {Éditions Points},
	year = {1997},
	address = {Paris},
	keywords = {primary}
}

@book{ bett2000,
	author = {Richard Bett},
	title = {Pyrrho, his {A}ntecedents, and his {L}egacy},
	publisher = {Oxford University Press},
	year = {2000},
	location = {Oxford}
}

@incollection{ brunschwig1998,
	author = {Jacques Brunschwig},
	title = {Pyrrhon},
	editor = {Monique Canto-Sperber},
	booktitle = {Philosophie grecque},
	pages = {463--473},
	publisher = {Presses Universitaires de France},
	year = {1998},
	crossref = {pg1998},
}

@book{ pg1998,
	editor = {Monique Canto-Sperber},
	title = {Philosophie grecque},
	publisher = {Presses Universitaires de France},
	year = {1998},
	location = {Paris},
}

@incollection{warren2007,
	author = {Warren, James},
	title = {Diogenes {L}aërtius, {B}iographer of {P}hilosophy},
	editor = {König, Jason and Whitmarsh, Tim},
	booktitle = {Ordering {K}nowledge in the {R}oman {E}mpire},
	pages = {133--149},
	publisher = {Cambridge University Press},
	location = {Cambridge},
	year = {2007},
	crossref = {},
}

@article{ warren2001,
	author = {James Warren},
	title = {Aristocles' refutations of {P}yrrhonism ({E}us. \textit{{PE}} 14.18.1--10)},
	journal = {Proceedings of the Cambridge Philological Society},
	year = {2001},
	volume = {46},
	pages = {140--164},
}

@book{ long1986,
	author = {A. A. Long},
	title = {Hellenistic Philosophy},
	publisher = {Duckworth},
	year = {1986},
	location = {London}
}

@book{ barnes2001,
	author = {Jonathan Barnes},
	title = {Early {G}reek {P}hilosophy},
	publisher = {Penguin Books},
	year = {2001},
	location = {New York, NY},
	keywords = {primary},
}

@book{ graham2010,
	author = {Daniel W. Graham},
	title = {The {T}exts of {E}arly {G}reek {P}hilosophy},
	publisher = {Cambridge University Press},
	year = {2010},
	location = {Cambridge},
	keywords = {primary},
}

@book{ plato1995,
	author = {Plato},
	editor = {E. A. Duke and W. F. Hicken and W. S. M. Nicoll and D. B Robinson and J. C. G. Strachan},
	title = {Platonis Opera},
	publisher = {Oxford University Press},
	year = {1995},
	location = {Oxford},
	keywords = {primary},
}

@incollection{ schmitt1983,
	author = {C. B. Schmitt},
	title = {The {R}ediscovery of {A}ncient {S}kepticism in {M}odern {T}imes},
	booktitle = {The {S}keptical {T}radition},
	editor = {Myles Burnyeat},
	pages = {225--251},
	location = {Berkeyley, CA},
	year = {1983},
	crossref = {burnyeat1983}
}

@book{ burnyeat1983,
	editor = {Myles Burnyeat},
	title = {The {S}keptical {T}radition},
	publisher = {University of California Press},
	year = {1983},
	location = {Berkeley, CA}
}

@incollection{ burnyeat1983a,
	author = {Myles Burnyeat},
	title = {Can the {S}ceptic {L}ive {H}is {S}cepticism?},
	booktitle = {The {O}riginal {S}ceptics: {A} {C}ontroversy},
	pages = {25--57},
	crossref = {burnyeatfrede1998}
}

@book{ burnyeatfrede1998,
	editor = {Myles Burnyeat and Michael Frede},
	title = {The {O}riginal {S}ceptics: {A} {C}ontroversy},
	publisher = {Hackett Publishing Company},
	year = {1998},
	location = {Indianapolis, IN}
}
@book{ williams2006,
	author = {Bernard Williams},
	title = {The {S}ense of the {P}ast: {E}ssays in the {H}istory of {P}hilosophy},
	publisher = {Princeton University Press},
	year = {2006},
	location = {Princeton, NJ}
}

@incollection{ popkin1993,
	author = {Richard H. Popkin},
	title = {Scepticism and {M}odernity},
	editor = {Tom Sorell},
	booktitle = {The {R}ise of {M}odern {P}hilosophy},
	pages = {15--32},
	publisher = {Oxford University Press},
	location = {Oxford},
	year = {1993},
	crossref = {sorell1993}
}

@book{ sorell1993,
	editor = {Tom Sorell},
	title = {The {R}ise of {M}odern {P}hilosophy},
	publisher = {Oxford University Press},
	year = {1993},
	location = {Oxford}
}

@book{ gilson2016,
	author = {René Descartes},
	editor = {Étienne Gilson},
	title = {Discours de la méthode},
	publisher = {Vrin},
	year = {2016},
	address = {Paris},
	keywords = {primary}
}

@article{striker2001,
	year = {2001},
	pages = {113--129},
	title = {Scepticism as a Kind of Philosophy},
	number = {2},
	author = {Gisela Striker},
	journal = {Archiv für Geschichte der Philosophie},
	publisher = {Walter de Gruyter},
	volume = {83}
}

@article{ delacy1958,
	author = {Phillip DeLacy},
	title = {\textgreek{οὐ μᾶλλον} and the Antecedents of Ancient Skepticism},
	journal = {Phronesis},
	year = {1958},
	volume = {3},
	number = {1},
	pages = {59--71},
	keywords = {keywords}
}

@article{frede1988,
	journal = {Apeiron},
	title = {The Empiricist Attitude Towards Reason and Theory},
	volume = {21},
	pages = {79--97},
	year = {1988},
	publisher = {Walter de Gruyter},
	number = {2},
	author = {Michael Frede}
}
