@book{ midlife-setiya-2017,
	author = {Setiya, Kieran},
	title = {Midlife: A Philosophical Guide},
	shorttitle = {Midlife},
	publisher = {Princeton University Press},
	year = {2017},
	address = {Princeton, NJ},
	keywords = {primary},
}

@book{ mill-2018,
	author = {Mill, John Stuart},
	editor = {Philip, Mark},
	title = {Autobiography},
	publisher = {Oxford University Press},
	year = {2018},
	address = {Oxford},
	series = {Oxford World Classics},
	keywords = {primary},
}
